@techreport{Williams2023,
  author  = {Williams, S. and Kedia, A. and Berman, L. and Campos-Groth, S.},
  title   = {Arweave: The Permanent Information Storage Protocol},
  year    = {2023},
  url     = {https://www.arweave.org/files/arweave-lightpaper.pdf}
}

@techreport{Williams2024,
  author  = {Williams, S. and Morozov, I. and Wilson, T. and Hall, T. and Juliano, V. and Navarro, A.},
  title   = {The AO Protocol: A Decentralized Open-Access Supercomputer},
  year    = {2024},
  url     = {https://arweave.net/7n6ySzBAkzD4KZoTviHtskVlbdab_yylEQuuy1BvHqc}
}

@techreport{Entriken2018,
  author  = {Entriken, William and Shirley, Dieter and Evans, Jacob and Sachs, Nastassia},
  title   = {ERC-721: Non-Fungible Token Standard},
  year    = {2018},
  url     = {https://eips.ethereum.org/EIPS/eip-721}
}

@techreport{Radomski2018,
  author  = {Radomski, Witek and Cooke, Andrew and Castonguay, Philippe and Therien, James and Binet, Eric and Sandford, Ronan},
  title   = {ERC-1155: Multi Token Standard},
  year    = {2018},
  url     = {https://eips.ethereum.org/EIPS/eip-1155}
}

@techreport{Windle2023,
  author  = {Windle, John and others},
  title   = {ERC-6551: Non-fungible Token Bound Accounts},
  year    = {2023},
  url     = {https://eips.ethereum.org/EIPS/eip-6551}
}

@techreport{Blagov2023,
  author  = {Blagov, Maxim and Radomski, Witek},
  title   = {Enjin Blockchain Whitepaper},
  year    = {2023},
  url     = {https://enjin.io/whitepaper}
}

@techreport{Gill2024,
  author  = {Gill, Robert and Thompson, David},
  title   = {Open Meta Lite Paper},
  year    = {2024},
  url     = {https://open-meta-association.gitbook.io/usdometa/~/gitbook/pdf}
}

@techreport{Nguyen2020,
  author  = {Nguyen, Trung and Larsen, Aleksander and Doan, Tu and Ho, Andy},
  title   = {Axie Infinity Whitepaper: A Digital Nation Built on Blockchain},
  year    = {2020},
  institution = {Sky Mavis},
  url     = {https://whitepaper.axieinfinity.com/}
}

@techreport{Ferguson2021,
  author  = {Ferguson, Robbie and Hopkins, James and Teague, Michael},
  title   = {Immutable X: Scaling Ethereum for NFTs},
  year    = {2021},
  institution = {Immutable},
  url     = {https://www.immutable.com/whitepaper}
}

@misc{AtomicAsset,
  author  = {{Atomic Asset Source}},
  title   = {Atomic Asset Source},
  institution = {Arweave Network},
  url     = {https://arweave.net/yP9yYuq5dWNrXuTClg1rFTX70gpgMIgI-0MyxfN0w64}
}

@article{Takahashi2023,
  author  = {Takahashi, Dean},
  title   = {Basejump will launch social gaming platform with AI-powered game creator},
  journal = {VentureBeat},
  year    = {2023},
  month   = {October},
  url     = {https://venturebeat.com/games/basejump-will-launch-social-gaming-platform-with-ai-powered-game-creator/}
}

@article{Small2003,
  author  = {Small, Deborah and Loewenstein, George},
  title   = {Helping a victim or helping the victim: Altruism and identifiability},
  journal = {Journal of Risk and Uncertainty},
  year    = {2003}
}

@book{Sargeant2004,
  author  = {Sargeant, Adrian and Jay, Elaine},
  title   = {Building Donor Loyalty: The Fundraiser's Guide to Increasing Lifetime Value},
  publisher = {Wiley},
  year    = {2004}
}

@techreport{AtomicAssetsSpec2024,
  author  = {{Permaweb Team}},
  title   = {Atomic Assets Specification},
  year    = {2024},
  institution = {Permaweb},
  url     = {https://github.com/permaweb/permaweb-libs/blob/beta/specs/spec-atomic-assets.md}
}

@techreport{ANS110_2024,
  author  = {{Arweave Network}},
  title   = {ANS-110: Token Standard},
  year    = {2024},
  institution = {Arweave Network},
  url     = {https://arweave.net/SYHBhGAmBo6fgAkINNoRtumOzxNB8-JFv2tPhBuNk5c}
}

@techreport{ANS103_2024,
  author  = {{Arweave Network}},
  title   = {ANS-103: Process Standard},
  year    = {2024},
  institution = {Arweave Network},
  url     = {https://arweave.net/MzhNJMYJ8fnZ6zOByi4s6qqFFcsZyE8m90ufHmmqJZU}
}

@techreport{Gitcoin2023,
  author  = {{Gitcoin}},
  title   = {{WTF is Quadratic Funding?}},
  institution = {Gitcoin},
  url     = {https://qf.gitcoin.co/}
}

@techreport{VRM2024,
  author  = {{VRM Consortium}},
  title   = {{VRM (Virtual Reality Model) File Format Specification}},
  year    = {2024},
  url     = {https://vrm.dev/}
}

@techreport{ANS104_2024,
  author  = {{Arweave Network}},
  title   = {ANS-104: Bundled Data},
  year    = {2024},
  institution = {Arweave Network},
  url     = {https://github.com/ArweaveTeam/arweave-standards/blob/master/ans/ANS-104.md}
}

@misc{RFUS2024,
  author  = {{Rainforest Foundation US}},
  title   = {How Satellites and Drones Help Indigenous Peoples Protect the {Amazon} Forest},
  year    = {2024},
  url     = {https://rainforestfoundation.org/video-how-satellites-and-drones-help-indigenous-peoples-protect-the-amazon-forest/}
}
